@misc{miller2003distribution,
  title={Distribution of eigenvalue spacings for band-diagonal matrices},
  author={Miller, Nathan},
  year={2003},
  publisher={Junior Thesis, Princeton University, Spring}
}

@article{mehta1960statistical,
  title={On the statistical properties of the level-spacings in nuclear spectra},
  author={Mehta, Madan L},
  journal={Nuclear Physics},
  volume={18},
  pages={395--419},
  year={1960},
  publisher={Elsevier}
}