@article{fong2020marginal,
  title={On the marginal likelihood and cross-validation},
  author={Fong, Edwin and Holmes, CC},
  journal={Biometrika},
  volume={107},
  number={2},
  pages={489--496},
  year={2020},
  publisher={Oxford University Press}
}

@inproceedings{optuna_2019,
    title={Optuna: A Next-generation Hyperparameter Optimization Framework},
    author={Akiba, Takuya and Sano, Shotaro and Yanase, Toshihiko and Ohta, Takeru and Koyama, Masanori},
    booktitle={Proceedings of the 25rd {ACM} {SIGKDD} International Conference on Knowledge Discovery and Data Mining},
    year={2019}
}

@article{falcon2019pytorch,
  title={PyTorch Lightning},
  author={Falcon, WA},
  journal={GitHub. Note: https://github.com/PyTorchLightning/pytorch-lightning},
  volume={3},
  year={2019}
}